<?xml version="1.0" encoding="UTF-8"?><collection xmlns="http://www.loc.gov/MARC21/slim"><record><leader>00394nam--2200157-i-4500</leader><controlfield tag="001">000012742</controlfield><controlfield tag="002">20161230</controlfield><controlfield tag="005">20170222172728</controlfield><controlfield tag="008">060222s1000------------r-----000-0-eng-d</controlfield><datafield ind1=" " ind2=" " tag="100"><subfield code="a">Danes, Florin</subfield></datafield><datafield ind1=" " ind2=" " tag="245"><subfield code="a">Termodinamica chimica aplicata</subfield></datafield><datafield ind1=" " ind2=" " tag="260"><subfield code="a">Bucuresti</subfield><subfield code="b">Ed.Academiei Rsr</subfield><subfield code="c">1978</subfield></datafield><datafield ind1=" " ind2=" " tag="300"><subfield code="a">396 p</subfield></datafield><datafield ind1=" " ind2=" " tag="700"><subfield code="a">Sternberg, Solomon</subfield></datafield><datafield ind1=" " ind2=" " tag="852"><subfield code="a">541.11</subfield></datafield><datafield ind1=" " ind2=" " tag="CAT"><subfield code="a">SYS</subfield><subfield code="c">20170222</subfield><subfield code="h">172728</subfield></datafield></record></collection>